@Article{Appelbaum2023,
  author  = {Binyamin Appelbaum},
  journal = {New York Times},
  title   = {I Want a City, Not a Museum},
  year    = {2023},
  month   = dec,
}

@Article{Li2025,
  author  = {Han Li},
  journal = {The San Francisco Standard},
  title   = {The latest strategy by SF neighborhoods to avoid development? Be ‘historic’},
  year    = {2025},
  month   = jun,
}

@Comment{jabref-meta: databaseType:bibtex;}
