@article{glaeser2005,
  title={Why have housing prices gone up?},
  author={Glaeser, Edward L and Gyourko, Joseph and Saks, Raven E},
  journal={American Economic Review},
  volume={95},
  number={2},
  pages={329--333},
  year={2005},
  publisher={American Economic Association}
}

@article{glaeser2005empirical,
  title={Why have housing prices gone up?},
  author={Glaeser, Edward L and Gyourko, Joseph and Saks, Raven E},
  journal={National Bureau of Economic Research},
  year={2005}
}

@article{hsieh2019housing,
  title={Housing constraints and spatial misallocation},
  author={Hsieh, Chang-Tai and Moretti, Enrico},
  journal={American economic journal: macroeconomics},
  volume={11},
  number={2},
  pages={1--39},
  year={2019},
  publisher={American Economic Association}
}

@techreport{d2024has,
  title={Why Has Construction Productivity Stagnated? The Role of Land-Use Regulation},
  author={D'Amico, Leonardo and Glaeser, Edward L and Gyourko, Joseph and Kerr, William R and Ponzetto, Giacomo AM},
  year={2024},
  institution={National Bureau of Economic Research}
}

@article{gyourko2008new,
  title={A new measure of the local regulatory environment for housing markets: The Wharton Residential Land Use Regulatory Index},
  author={Gyourko, Joseph and Saiz, Albert and Summers, Anita},
  journal={Urban studies},
  volume={45},
  number={3},
  pages={693--729},
  year={2008},
  publisher={Sage Publications Sage UK: London, England}
}

@article{gyourko2021local,
  title={The local residential land use regulatory environment across US housing markets: Evidence from a new Wharton index},
  author={Gyourko, Joseph and Hartley, Jonathan S and Krimmel, Jacob},
  journal={Journal of Urban Economics},
  volume={124},
  pages={103337},
  year={2021},
  publisher={Elsevier}
}

@book{logan2007urban,
  title={Urban fortunes: The political economy of place, with a new preface},
  author={Logan, John R and Molotch, Harvey},
  year={2007},
  publisher={Univ of California Press}
}

@article{klein2021economic,
  title={The economic mistake the left is finally confronting},
  author={Klein, Ezra},
  journal={New York Times},
  volume={19},
  year={2021}
}

@article{cheap2022energy,
  title={Energy Superabundance: How Cheap, Abundant Energy Will Shape Our Future},
  author={Vernon, Austin and Dourado, Eli},
  journal={The Center for Growth and Opportunity at Utah State University},
  year={2022}
}

@article{abundanceambiguity,
  title={An Abundance of Ambiguity},
  author={Teachout, Zephyr},
  journal={Washington Monthly},
  year={2025}
}

@article{fischel2004economic,
  title={An economic history of zoning and a cure for its exclusionary effects},
  author={Fischel, William A},
  journal={Urban Studies},
  volume={41},
  number={2},
  pages={317--340},
  year={2004},
  publisher={Sage Publications Sage UK: London, England}
}

@incollection{gyourko2015regulation,
  title={Regulation and housing supply},
  author={Gyourko, Joseph and Molloy, Raven},
  booktitle={Handbook of regional and urban economics},
  volume={5},
  pages={1289--1337},
  year={2015},
  publisher={Elsevier}
}

@book{brechin2006imperial,
  title={Imperial San Francisco: urban power, earthly ruin},
  author={Brechin, Gray},
  volume={3},
  year={2006},
  publisher={Univ of California Press}
}

@article{ortalo2014political,
  title={On the political economy of urban growth: Homeownership versus affordability},
  author={Ortalo-Magn{\'e}, Fran{\c{c}}ois and Prat, Andrea},
  journal={American Economic Journal: Microeconomics},
  volume={6},
  number={1},
  pages={154--181},
  year={2014},
  publisher={American Economic Association}
}

@article{newdata,
  title={New Data and Insights In Regional and Urban Economics},
  author={Abramitzky, Ran and Platt Boustan, Leah and Storeygard, Adam},
  journal={National Bureau of Economic Research},
  year={2025}
}

@article{durst2021land,
  title={Land-use regulation and the spatial mismatch between housing and employment opportunities},
  author={Durst, Noah J},
  journal={Proceedings of the Institution of Civil Engineers-Urban Design and Planning},
  volume={174},
  number={1},
  pages={37--44},
  year={2021},
  publisher={Thomas Telford Ltd}
}

@article{mawhorter2018terner,
  title={Terner California Residential Land Use Survey. Berkeley},
  author={Mawhorter, Sarah and Reid, Carolina},
  journal={CA: University of California, Berkeley},
  year={2018}
}

@article{bartik2024costs,
  title={The costs of housing regulation: Evidence from generative regulatory measurement},
  author={Bartik, Alexander and Gupta, Arpit and Milo, Daniel},
  journal={Available at SSRN 4627587},
  year={2024}
}

@article{quigley2005effects,
  title={The effects of land use regulation on the price of housing: What do we know? What can we learn?},
  author={Quigley, John M and Rosenthal, Larry A},
  journal={Cityscape},
  pages={69--137},
  year={2005},
  publisher={JSTOR}
}
